@book{RN85,
   author = {Gerstner, Wulfram and Kistler, Werner M},
   title = {Spiking neuron models: Single neurons, populations, plasticity},
   publisher = {Cambridge university press},
   ISBN = {0521890799},
   year = {2002},
   type = {Book}
}

@book{RN113,
   author = {Dayan, Peter and Abbott, Laurence F},
   title = {Theoretical neuroscience},
   publisher = {Cambridge, MA: MIT Press},
   volume = {10},
   year = {2001},
   type = {Book}
}

@article{RN96,
   author = {Izhikevich, Eugene M},
   title = {Simple model of spiking neurons},
   journal = {IEEE Transactions on neural networks},
   volume = {14},
   number = {6},
   pages = {1569-1572},
   ISSN = {1045-9227},
   year = {2003},
   type = {Journal Article}
}

@article{RN95,
   author = {Izhikevich, Eugene M},
   title = {Which model to use for cortical spiking neurons?},
   journal = {IEEE transactions on neural networks},
   volume = {15},
   number = {5},
   pages = {1063-1070},
   ISSN = {1045-9227},
   year = {2004},
   type = {Journal Article}
}
